
@article{Aaboud:2018zeb,
	author         = "{ATLAS Collaboration, Aaboud  et al.}",
	title          = "{Search for supersymmetry in events with four or more
	leptons in $\sqrt{s}=13$ TeV $pp$ collisions with ATLAS}",
	collaboration  = "ATLAS",
	journal        = "Phys. Rev.",
	volume         = "D98",
	year           = "2018",
	number         = "3",
	pages          = "032009",
	doi            = "10.1103/PhysRevD.98.032009",
	eprint         = "1804.03602",
	archivePrefix  = "arXiv",
	primaryClass   = "hep-ex",
	reportNumber   = "CERN-EP-2017-300",
	SLACcitation   = "%%CITATION = ARXIV:1804.03602;%%",
	 mynote = {HELLO}
}

@Misc{ATLAS-CONF-2019-018,
	author         = "{ATLAS Collaboration, Aaboud  et al.}",
	title         = "{Search for direct stau production in events with two
	hadronic tau leptons in $\sqrt{s} = 13$~TeV $pp$ collisions with
	the ATLAS detector}",
	institution   = "CERN",
	number        = "ATLAS-CONF-2019-018",
	month         = "May",
	year          = "2019",
	reportNumber  = "ATLAS-CONF-2019-018",
	url           = "https://cds.cern.ch/record/2676595",
	note = "Conference note presented at EPS2019. Results to be submitted to Phys. Rev. D in July 2019"
}

@article{Aaboud:2017iio,
	author         = "{ATLAS Collaboration, Aaboud  et al.}",
	title          = "{Search for long-lived, massive particles in events with
	displaced vertices and missing transverse momentum in
	$\sqrt{s}$ = 13 TeV $pp$ collisions with the ATLAS
	detector}",
	collaboration  = "ATLAS",
	journal        = "Phys. Rev.",
	volume         = "D97",
	year           = "2018",
	number         = "5",
	pages          = "052012",
	doi            = "10.1103/PhysRevD.97.052012",
	eprint         = "1710.04901",
	archivePrefix  = "arXiv",
	primaryClass   = "hep-ex",
	reportNumber   = "CERN-EP-2017-202",
	SLACcitation   = "%%CITATION = ARXIV:1710.04901;%%"
}

@article{Aaboud:2018pen,
	author         = "{ATLAS Collaboration, Aaboud  et al.}",
	title          = "{Cross-section measurements of the Higgs boson decaying
	into a pair of $\tau$-leptons in proton-proton collisions
	at $\sqrt{s}=13$ TeV with the ATLAS detector}",
	journal        = "Phys. Rev.",
	volume         = "D99",
	year           = "2019",
	pages          = "072001",
	doi            = "10.1103/PhysRevD.99.072001",
	eprint         = "1811.08856",
	archivePrefix  = "arXiv",
	primaryClass   = "hep-ex",
	reportNumber   = "CERN-EP-2018-232",
	SLACcitation   = "%%CITATION = ARXIV:1811.08856;%%"
}







@Misc{Ayoub:2674914,
	author         = "{ATLAS Collaboration, Aaboud  et al.}",
	title         = "{Search for direct stau production in events with two
	hadronic tau leptons in $\sqrt{s} = 13$~TeV pp collisions with
	the ATLAS detector}",
	reportNumber  = "ATLAS-COM-CONF-2019-037",
	url           = "https://cds.cern.ch/record/2674914",
	
}

@Misc{Zinonos:2633126,
	author        = "Zinonos, Z.",
	title         = "{Search for supersymmetry in events with four or more
	leptons in $\sqrt{s}=13$~TeV $pp$ collisions with ATLAS}",
	collaboration = "ATLAS Collaboration",
	reportNumber  = "ATL-PHYS-SLIDE-2018-570",
	url           = "https://cds.cern.ch/record/2633126"
}
@Misc{ichep-susy,
	author         = "Zinonos, Z.",
	title          = "{Searches for electroweak production of supersymmetric gauginos and sleptons at LHC}",
	url            = "https://pos.sissa.it/340/565/pdf",
	booktitle = "PoS(ICHEP2018)565",
}
@Misc{ichep-higgs,
	author         = "Zinonos, Z.",
	title          = "{Cross-section measurements of the Higgs boson decaying to a pair of tau leptons in proton--proton collisions at $\sqrt{s}=13$~TeV with the ATLAS detector}",
	url            = "https://pos.sissa.it/340/104/pdf",
	booktitle = "PoS(ICHEP2018)104",
}
@Misc{Zinonos:2017smd,
	author         = "Zinonos, Z.",
	title          = "{Searches for electroweak production of supersymmetric
	gauginos and sleptons with the ATLAS detector}",
	booktitle      = "{Proceedings, 2017 European Physical Society Conference
	on High Energy Physics (EPS-HEP 2017): Venice, Italy, July
	5-12, 2017}",
	url            = "https://pos.sissa.it/314/357/pdf",
	booktitle = "PoS(EPS-HEP2017)357",
}













@article{ATLAS-CONF-2016-075,
	title         = "{Search for supersymmetry in events with four or more leptons in $\sqrt{s}=13~{\mathrm TeV}$ pp collisions using $13.3\,{\mathrm fb}^{-1}$ of ATLAS data.}",
	institution   = "CERN",
	collaboration = "{ATLAS Collaboration}",
	address       = "Geneva",
	number        = "ATLAS-CONF-2016-075",
	year          = "2016",
	reportNumber  = "ATLAS-CONF-2016-075",
	url           = "http://cds.cern.ch/record/2206245",
}

@phdthesis{Zinonos:2012cea,
	author        = "Zinonos, Zinonas and Cavasinni, Vincenzo",
	title         = "{Measurement of the multi-jet cross-sections with the
	ATLAS detector at the LHC}",
	year          = "2012",
	school         = "Universit\`{a} di Pisa",
	url           = "http://cds.cern.ch/record/1571198",
	note          = "Presented on 11 December 2011"	
}
@MasterThesis{Zinonos:2134948,
	author        = "Zinonos, Zinonas and Ptochos, Fotios",
	title         = "{Exploring higher dimensional black holes at LHC with CMS
	detector}",
	year          = "2007",
	school         = "University of Cyprus",
	url           = "https://cds.cern.ch/record/2134948",
	note          = "Presented on 14 May 2007"
}

@phdthesis{Krauss,
	author        = "Dominik Krauss",
	title         = "{Search for long-lived, massive particles decaying into leptons in $pp$ collisions at 13~TeV centre-of-mass energy, with the ATLAS detector at the LHC}",
	year          = "2007",
	school         = "TU Munich",
	note          = "Due May 2019"
}
@thesis{Rendel:2320570,
	author        = "Rendel, Marian Benedikt",
	title         = "{Search for Supersymmetry in Multileptonic Final States
	with Collimated $\tau$ Pairs with the ATLAS Detector at the
	LHC}",
	month         = "April",
	year          = "2018",
	reportNumber  = "CERN-THESIS-2018-061",
	url           = "http://cds.cern.ch/record/2320570"
}

@thesis{Maschek:2255702,
	author        = "Maschek, Stefan Raimund",
	title         = "{Study of R-parity Violating Decays of Supersymmetric
	Particles with the ATLAS Detector at the LHC}",
	month         = "October",
	year          = "2016",
	reportNumber  = "CERN-THESIS-2016-264",
	url           = "https://cds.cern.ch/record/2255702"
}

@thesis{selle,
	author        = "Patrick Selle",
	title         = "{Search for supersymmetry in events with tau leptons and missing transverse energy in proton-proton collisions at $\sqrt{s}=13$~TeV with the ATLAS detector at LHC}",
	note          = "Due May 2019",
}

@thesis{Johannes,
	author        = "Johannes Josef Junggeburth",
	title         = "{Search for supersymmetry in events with four or more leptons in collisions with the ATLAS detector}",
	note          = "Due Winter 2019",
}

@Misc{xtau_git,
	title = "xTauFramework analysis framework",
	url = "https://gitlab.cern.ch/ATauLeptonAnalysiS/xTauFramework"
}

@Misc{tau-munich,
	title = "ATLAS Tau workshop - Tau Performance and Higgs to Leptons",
	year = "October 2017",
	url = "https://indico.cern.ch/event/636010/",
	note = " Max Planck Institute for Physics, Munich"
}

@Misc{4l-munich,
	title = "ATLAS Four-Lepton SUSY Workshop",
	year = "16-17 January, 2019",
	url = "https://indico.mpp.mpg.de/event/6190/",
	note = " Max Planck Institute for Physics, Munich"
}


@techreport{ATLAS-CONF-2017-029,
	title         = "{Measurement of the tau lepton reconstruction and
	identification performance in the ATLAS experiment using
	$pp$ collisions at $\sqrt{s}=13~{\rm TeV}$}",
	institution   = "CERN",
	collaboration = "ATLAS Collaboration",
	address       = "Geneva",
	number        = "ATLAS-CONF-2017-029",
	month         = "May",
	year          = "2017",
	reportNumber  = "ATLAS-CONF-2017-029",
	url           = "https://cds.cern.ch/record/2261772",
}
@article{Aaboud:2017nhr,
	author         = "ATLAS Collaboration",
	title          = "{Search for the direct production of charginos and
	neutralinos  in final states with tau leptons in $\sqrt{s}
	= $ 13 TeV $pp$ collisions with the ATLAS detector}",
	collaboration  = "ATLAS",
	journal        = "Eur. Phys. J.",
	volume         = "C78",
	year           = "2018",
	number         = "2",
	pages          = "154",
	doi            = "10.1140/epjc/s10052-018-5583-9",
	eprint         = "1708.07875",
	archivePrefix  = "arXiv",
	primaryClass   = "hep-ex",
	reportNumber   = "CERN-EP-2017-173",
	SLACcitation   = "%%CITATION = ARXIV:1708.07875;%%"
}


@Misc{fitbox,
	title = "FitBox, statistical framework",
	url = "https://gitlab.cern.ch/ATauLeptonAnalysiS/FitBox"
}

@Misc{wsbuilder,
	title = "WorkspaceBuilder, statistical framework",
	url = "https://gitlab.cern.ch/ATauLeptonAnalysiS/WorkspaceBuilder"
}
@Misc{xampp,
	title = "XAMPP analysis framework",
	url = "https://gitlab.cern.ch/atlas-mpp-xampp"
}


@misc{esv,
	title = "Event shape variables for HEP",
	note = {\url{https://gitlab.cern.ch/ATauLeptonAnalysiS/
	EventShapeVariables}}
	
}


@article{Zinonos:2011qwu,
	author         = "Zinonos, Z.",
	title          = "{Kinematic properties of jets produced in $pp$ collisions
	at $\sqrt{s} = 900$ GeV at LHC with the ATLAS detector}",
	booktitle      = "{Proceedings, 22nd Conference on High Energy Physics
	(IFAE 2010): Rome, Italy, April 7-9, 2010}",
	journal        = "Nuovo Cim.",
	volume         = "33",
	year           = "2010",
	pages          = "295-296",
	doi            = "10.1393/ncc/i2011-10813-2",
	SLACcitation   = "%%CITATION = NUCIA,33,295;%%"
}

@article{Zinonos:2013uwa,
	author         = "Zinonos, Z.",
	title          = "{Search for the Standard Model Higgs boson decaying to
	di-tau channel with fully hadronic mode in ATLAS
	experiment}",
	booktitle      = "{Proceedings, 24th Conference on High Energy Physics
	(IFAE 2012): Ferrara, Italy, April 11-13, 2012}",
	journal        = "Nuovo Cim.",
	volume         = "C036",
	year           = "2013",
	number         = "01",
	pages          = "295-296",
	doi            = "10.1393/ncc/i2013-11467-8",
	SLACcitation   = "%%CITATION = NUCIA,C036,295;%%"
}

@proceedings{Adam:2016gcm,
	editor         = "Adam, Wolfgang and Pradler, Josef and Schieck, Jochen and
	Schwanda, Christoph and Waltenberger, Wolfgang",
	title          = "{Proceedings, LHCSki 2016 - A First Discussion of 13 TeV
	Results}",
	year           = "2016",
	eprint         = "1607.01212",
	archivePrefix  = "arXiv",
	primaryClass   = "hep-ph",
	SLACcitation   = "%%CITATION = ARXIV:1607.01212;%%"
}

@inproceedings{Zinonos:2010xc,
	author         = "Zinonos, Zinonas",
	title          = "{Jet production cross section and jet properties in $pp$
	collisions at $sqrt(s)$ = 7 TeV with the ATLAS detector}",
	booktitle      = "{Hadron collider physics. Proceedings, 22nd Conference,
	HCP 2010, Toronto, Canada, August 23-27, 2010}",
	year           = "2010",
	eprint         = "1010.0871",
	archivePrefix  = "arXiv",
	primaryClass   = "hep-ex",
	SLACcitation   = "%%CITATION = ARXIV:1010.0871;%%"
}


@article{Zinonos:2013cla,
	author         = "Gennai, S. and Zinonos, Z.",
	title          = "{Study of the $H \to \tau\tau$ decay channel from the ATLAS and
	the CMS Collaborations..}",
	booktitle      = "{Proceedings, 6th Italian Workshop on p-p physics at the
	LHC (LHCPP2013)}",
	journal        = "PoS",
	volume         = "LHCPP2013",
	year           = "2013",
	pages          = "005",
	doi            = "10.22323/1.188.0005",
	SLACcitation   = "%%CITATION = POSCI,LHCPP2013,005;%%"
}

@article{ICNFP,
	author = {{Zinonas, Zinonos}},
	title = {Search for the Standard Model Higgs boson in H -> - decays in proton-proton collisions with the ATLAS detector},
	DOI= "10.1051/epjconf/20147100145",
	url= "https://doi.org/10.1051/epjconf/20147100145",
	journal = {EPJ Web of Conferences},
	booktitle      = "{Proceedings, ICNFP 2013, Crete)}",
	year = 2014,
	volume = 71,
	pages = "00145",
}

@inproceedings{Zinonos:2014rma,
	author         = "Zinonos, Zinonas",
	title          = "{Reconstruction and identification of hadronic decays of
	tau leptons in ATLAS}",
	booktitle      = "{Proceedings, 2nd Conference on Large Hadron Collider
	Physics Conference (LHCP 2014): New York, USA, June 2-7,
	2014}",
	url            = "http://www.slac.stanford.edu/econf/C140602.2/papers/1409.0343v1.pdf",
	year           = "2014",
	eprint         = "1409.0343",
	archivePrefix  = "arXiv",
	primaryClass   = "hep-ex",
	reportNumber   = "ATL-PHYS-PROC-2014-111",
	SLACcitation   = "%%CITATION = ARXIV:1409.0343;%%"
}



@article{atlas-meetings,
title          = "ATLAS Collaboration meetings",	
url = "https://indico.cern.ch/search?search-phrase=zinonos",
year = "2011-2018"
}
@proceedings{Bellettini:2011zz,
	editor         = "Bellettini, Giorgio",
	title          = "{Jet reconstruction and spectroscopy at hadron colliders.
	Proceedings, Workshop, Pisa, Italy, April 18-19, 2011}",
	url            = "http://iopscience.iop.org/1742-6596/323/1",
	journal        = "J. Phys. Conf. Ser. 323 (2011) nonconsec. pag",
	year           = "2011",
	SLACcitation   = "%%CITATION = INSPIRE-1086954;%%"
}
@article{MMC,
	author         = "Elagin, A. and Murat, P. and Pranko, A. and Safonov, A.",
	title          = "{A New Mass Reconstruction Technique for Resonances
	Decaying to di-tau}",
	journal        = "Nucl. Instrum. Meth.",
	volume         = "A654",
	year           = "2011",
	pages          = "481-489",
	doi            = "10.1016/j.nima.2011.07.009",
	eprint         = "1012.4686",
	archivePrefix  = "arXiv",
	primaryClass   = "hep-ex",
	reportNumber   = "FERMILAB-PUB-11-918-PPD",
	SLACcitation   = "%%CITATION = ARXIV:1012.4686;%%"
}
@online{tera18,
	title = {12$^\text{th}$ Annual Helmholtz Alliance Workshop on Physics at the Terascale},
	date = {26-28 November 2018},
	url = {https://indico.desy.de/indico/event/21296/},
	
}
@online{tera17,
	title = {11$^\text{th}$ Annual Helmholtz Alliance Workshop on Physics at the Terascale},
	date = {27-29 November 2017},
	url = {https://indico.desy.de/indico/event/18681/},	
}








@article{MMC,
	author         = "Elagin, A. and Murat, P. and Pranko, A. and Safonov, A.",
	title          = "{A New Mass Reconstruction Technique for Resonances
	Decaying to di-tau}",
	journal        = "Nucl. Instrum. Meth.",
	volume         = "A654",
	year           = "2011",
	pages          = "481-489",
	doi            = "10.1016/j.nima.2011.07.009",
	eprint         = "1012.4686",
	archivePrefix  = "arXiv",
	primaryClass   = "hep-ex",
	reportNumber   = "FERMILAB-PUB-11-918-PPD",
	SLACcitation   = "%%CITATION = ARXIV:1012.4686;%%"
}



@article{ATLAS:2018lur,
	author         = "ATLAS collaboration",
	title          = "{Cross-section measurements of the Higgs boson decaying
	to a pair of tau leptons in proton--proton collisions at
	$\sqrt{s}=13$ TeV with the ATLAS detector}",
	collaboration  = "ATLAS",
	year           = "2018",
	reportNumber   = "ATLAS-CONF-2018-021",
	SLACcitation   = "%%CITATION = ATLAS-CONF-2018-021;%%"
}

@article{ATLAS:2017mpa,
	author         = "ATLAS collaboration",
	title          = "{Measurement of the tau lepton reconstruction and
	identification performance in the ATLAS experiment using
	$pp$ collisions at $\sqrt{s}=13~{\rm TeV}$}",
	collaboration  = "ATLAS",
	year           = "2017",
	reportNumber   = "ATLAS-CONF-2017-029",
	SLACcitation   = "%%CITATION = ATLAS-CONF-2017-029;%%"
}

@article{hbsm,
	author         = "ATLAS collaboration",
	title          = "{Search for Neutral Minimal Supersymmetric Standard Model
	Higgs Bosons H/A$\to \tau \tau$ produced in $pp$
	collisions at $\sqrt{s}=13$ TeV with the ATLAS Detector}",
	year           = "2015",
	reportNumber   = "ATLAS-CONF-2015-061",
	SLACcitation   = "%%CITATION = ATLAS-CONF-2015-061;%%"
}

@article{Aad:2015unr,
	author         = "ATLAS collaboration",
	title          = "{Reconstruction of hadronic decay products of tau leptons
	with the ATLAS experiment}",
	collaboration  = "ATLAS",
	year           = "2015",
	eprint         = "1512.05955",
	archivePrefix  = "arXiv",
	primaryClass   = "hep-ex",
	reportNumber   = "CERN-PH-EP-2015-294",
	SLACcitation   = "%%CITATION = ARXIV:1512.05955;%%"
}

@article{Aad:2015vsa,
	author         = "ATLAS collaboration",
	title          = "{Evidence for the Higgs-boson Yukawa coupling to tau
	leptons with the ATLAS detector}",
	collaboration  = "ATLAS",
	journal        = "JHEP",
	volume         = "04",
	year           = "2015",
	pages          = "117",
	doi            = "10.1007/JHEP04(2015)117",
	eprint         = "1501.04943",
	archivePrefix  = "arXiv",
	primaryClass   = "hep-ex",
	reportNumber   = "CERN-PH-EP-2014-262",
	SLACcitation   = "%%CITATION = ARXIV:1501.04943;%%"
}

@article{Aad:2014rga,
	author         = "ATLAS collaboration",
	title          = "{Identification and energy calibration of hadronically
	decaying tau leptons with the ATLAS experiment in $pp$
	collisions at $\sqrt{s}$=8 TeV}",
	collaboration  = "ATLAS",
	journal        = "Eur. Phys. J.",
	volume         = "C75",
	year           = "2015",
	number         = "7",
	pages          = "303",
	doi            = "10.1140/epjc/s10052-015-3500-z",
	eprint         = "1412.7086",
	archivePrefix  = "arXiv",
	primaryClass   = "hep-ex",
	reportNumber   = "CERN-PH-EP-2014-227",
	SLACcitation   = "%%CITATION = ARXIV:1412.7086;%%"
}

@article{Aad:2012mea,
	author         = "ATLAS collaboration",
	title          = "{Search for the Standard Model Higgs boson in the $H \to
	\tau^{+} \tau^{-}$ decay mode in $\sqrt{s}=7$ TeV $pp$
	collisions with ATLAS}",
	collaboration  = "ATLAS",
	journal        = "JHEP",
	volume         = "09",
	year           = "2012",
	pages          = "070",
	doi            = "10.1007/JHEP09(2012)070",
	eprint         = "1206.5971",
	archivePrefix  = "arXiv",
	primaryClass   = "hep-ex",
	reportNumber   = "CERN-PH-EP-2012-140, SLAC-PUB-16019",
	SLACcitation   = "%%CITATION = ARXIV:1206.5971;%%"
}

@article{Aad:2011fc,
	author         = "ATLAS collaboration",
	title          = "{Measurement of inclusive jet and dijet production in
	$pp$ collisions at $\sqrt{s}=7$ TeV using the ATLAS
	detector}",
	collaboration  = "ATLAS",
	journal        = "Phys. Rev.",
	volume         = "D86",
	year           = "2012",
	pages          = "014022",
	doi            = "10.1103/PhysRevD.86.014022",
	eprint         = "1112.6297",
	archivePrefix  = "arXiv",
	primaryClass   = "hep-ex",
	reportNumber   = "CERN-PH-EP-2011-192",
	SLACcitation   = "%%CITATION = ARXIV:1112.6297;%%"
}

@article{Aad:2011tqa,
	author         = "ATLAS collaboration",
	title          = "{Measurement of multi-jet cross sections in proton-proton
	collisions at a 7 TeV center-of-mass energy}",
	collaboration  = "ATLAS",
	journal        = "Eur. Phys. J.",
	volume         = "C71",
	year           = "2011",
	pages          = "1763",
	doi            = "10.1140/epjc/s10052-011-1763-6",
	eprint         = "1107.2092",
	archivePrefix  = "arXiv",
	primaryClass   = "hep-ex",
	reportNumber   = "CERN-PH-EP-2011-098",
	SLACcitation   = "%%CITATION = ARXIV:1107.2092;%%"
}

@article{Aaboud:2017sjh,
	author         = "ATLAS collaboration",
	title          = "{Search for additional heavy neutral Higgs and gauge
	bosons in the ditau final state produced in 36 fb$^{-1}$
	of pp collisions at $ \sqrt{s}=13 $ TeV with the ATLAS
	detector}",
	collaboration  = "ATLAS",
	journal        = "JHEP",
	volume         = "01",
	year           = "2018",
	pages          = "055",
	doi            = "10.1007/JHEP01(2018)055",
	eprint         = "1709.07242",
	archivePrefix  = "arXiv",
	primaryClass   = "hep-ex",
	reportNumber   = "CERN-EP-2017-199",
	SLACcitation   = "%%CITATION = ARXIV:1709.07242;%%"
}

@article{Aaboud:2016cre,
	author         = "ATLAS collaboration",
	title          = "{Search for Minimal Supersymmetric Standard Model Higgs
	bosons $H/A$ and for a $Z^{\prime}$ boson in the $\tau \tau$ final state produced in $pp$ collisions at
	$\sqrt{s}=13$ TeV with the ATLAS Detector}",
	collaboration  = "ATLAS",
	journal        = "Eur. Phys. J.",
	volume         = "C76",
	year           = "2016",
	number         = "11",
	pages          = "585",
	doi            = "10.1140/epjc/s10052-016-4400-6",
	eprint         = "1608.00890",
	archivePrefix  = "arXiv",
	primaryClass   = "hep-ex",
	reportNumber   = "CERN-EP-2016-164",
	SLACcitation   = "%%CITATION = ARXIV:1608.00890;%%"
}

@article{Aad:2012cfr,
	author         = "ATLAS collaboration",
	title          = "{Search for the neutral Higgs bosons of the Minimal
	Supersymmetric Standard Model in $pp$ collisions at	$\sqrt{s}=7$ TeV with the ATLAS detector}",
	collaboration  = "ATLAS",
	journal        = "JHEP",
	volume         = "02",
	year           = "2013",
	pages          = "095",
	doi            = "10.1007/JHEP02(2013)095",
	eprint         = "1211.6956",
	archivePrefix  = "arXiv",
	primaryClass   = "hep-ex",
	reportNumber   = "CERN-PH-EP-2012-323",
	SLACcitation   = "%%CITATION = ARXIV:1211.6956;%%"
}

@misc{zinonos,
	author         = "Zinonos Zinonas",
	title = {Complete list of publications.},
	howpublished = {\url{https://inspirehep.net/search?ln=en&p=find+a+zinonos+&of=hb&action_search=Search&sf=earliestdate&so=d}},
	note = "Records on InSpire HEP."
}


