@article{CMS:2019hos,
	collaboration = "CMS",
	author = "CMS Collaboration",
	title = "{Search for direct $\tau$ slepton pair production in proton-proton collisions at $\sqrt{s}=13~\mathrm{TeV}$}",
	number = "CMS-PAS-SUS-18-006",
	year = "2019"
}
@article{ATLAS:2019gti,
	author = "ATLAS Collaboration",
	collaboration = "ATLAS",
	title = "{Search for direct stau production in events with two hadronic $\tau$-leptons in $\sqrt{s} = 13$ TeV $pp$ collisions with the ATLAS detector}",
	OPTeprint = "1911.06660",
	OPTarchivePrefix = "arXiv",
	OPTprimaryClass = "hep-ex",
	reportNumber = "CERN-EP-2019-191",
	OPTdoi = "10.1103/PhysRevD.101.032009",
	journal = "Phys. Rev. D",
	volume = "101",
	number = "3",
	pages = "032009",
	year = "2020"
}
@article{ATLAS:2018diz,
	author = "ATLAS Collaboration",
	collaboration = "ATLAS",
	title = "{Prospects for searches for staus, charginos and neutralinos at the high luminosity LHC with the ATLAS Detector}",
	number = "ATL-PHYS-PUB-2018-048",
	year = "2018"
}

@article{rendel-ditau,
	author = "Marian R. and others",
	title = {Search for supersymmetry in multileptonic final states with collimated tau pairs with the ATLAS detector},
	date = {2018},
	OPTurl = {https://www.dpg-verhandlungen.de/year/2018/conference/wuerzburg/part/t/session/50/contribution/8},
	journal="DPG Wuerzburg"
}

@article{Aaboud_2018,
	title={Search for pair production of Higgsinos in final states with at least three b-tagged jets in  $\sqrt{s}=13$~TeV pp collisions using the ATLAS detector},
	volume={98},
	OPTISSN={2470-0029},
	OPTurl={http://dx.doi.org/10.1103/PhysRevD.98.092002},
	OPTDOI={10.1103/physrevd.98.092002},
	number={9},
	journal={Physical Review D},
	publisher={American Physical Society (APS)},
	author={ATLAS Collaboration},
	year={2018},
	month={Nov}
}

@article{PhysRevD.97.032007,
	title = {Search for Higgsino pair production in $pp$ collisions at $\sqrt{s}=13\text{ }\text{ }\mathrm{TeV}$ in final states with large missing transverse momentum and two Higgs bosons decaying via $H\ensuremath{\rightarrow}b\overline{b}$},
	author = {CMS Collaboration},
	journal = {Phys. Rev. D},
	volume = {97},
	issue = {3},
	pages = {032007},
	numpages = {29},
	year = {2018},
	month = {Feb},
	publisher = {American Physical Society},
	OPTdoi = {10.1103/PhysRevD.97.032007},
	OPTurl = {https://link.aps.org/doi/10.1103/PhysRevD.97.032007}
}

@article{TheATLAScollaboration:2015lks,
	author = "ATLAS Collaboration",
	title = "{Reconstruction, Energy Calibration, and Identification of Hadronically Decaying Tau Leptons in the ATLAS Experiment for Run-2 of the LHC}",
	number = "ATL-PHYS-PUB-2015-045",
	year = "2015"
}
@article{ATLAS:2017mpa,
	author = "ATLAS Collaboration",
	title = "{Measurement of the tau lepton reconstruction and identification performance in the ATLAS experiment using $pp$ collisions at $\sqrt{s}=13~{\rm TeV}$}",
	number = "ATLAS-CONF-2017-029",
	month = "5",
	year = "2017"
}
@article{Barillari:1112035,
	author        = "ATLAS Collaboration",
	title         = "{Local Hadronic Calibration}",
	institution   = "CERN",
	OPTnumber        = "ATL-LARG-PUB-2009-001-2. ATL-COM-LARG-2008-006. ATL-LARG-PUB-2009-001",
	month         = "Jun",
	year          = "2008",
	number  = "ATL-LARG-PUB-2009-001-2",
	OPTurl           = "https://cds.cern.ch/record/1112035",
	OPTnote          = "Due to a report-number conflict with another document, the report-number ATL-LARG-PUB-2009-001-2 has been assigned.",
}
@article{Aad_2017-taus,
	title={Topological cell clustering in the ATLAS calorimeters and its performance in LHC Run 1},
	volume={77},
	OPTISSN={1434-6052},
	OPTurl={http://dx.doi.org/10.1140/epjc/s10052-017-5004-5},
	OPTDOI={10.1140/epjc/s10052-017-5004-5},
	number={7},
	journal={The European Physical Journal C},
	publisher={Springer Science and Business Media LLC},
	author={ATLAS Collaboration},
	year={2017},
	month={Jul}
}

@article{Aad_2016_muon,
	title={Muon reconstruction performance of the ATLAS detector in proton-proton collision data at $\sqrt{s} = 13$~TeV},
	volume={76},
	OPTISSN={1434-6052},
	OPTurl={http://dx.doi.org/10.1140/epjc/s10052-016-4120-y},
	OPTDOI={10.1140/epjc/s10052-016-4120-y},
	number={5},
	journal={The European Physical Journal C},
	publisher={Springer Science and Business Media LLC},
	author={ATLAS Collaboration},
	year={2016},
	month={May}
}

@article{ATLAS:2015ull,
	author = "ATLAS Collaboration",
	collaboration = "ATLAS",
	title = "{Performance of pile-up mitigation techniques for jets in $pp$ collisions at $\sqrt{s}=8$  TeV using the ATLAS detector}",
	OPTeprint = "1510.03823",
	OPTarchivePrefix = "arXiv",
	OPTprimaryClass = "hep-ex",
	reportNumber = "CERN-PH-EP-2015-206",
	OPTdoi = "10.1140/epjc/s10052-016-4395-z",
	journal = "Eur. Phys. J. C",
	volume = "76",
	number = "11",
	pages = "581",
	year = "2016"
}

@article{ATL-PHYS-PUB-2015-015,
	title         = "{Jet Calibration and Systematic Uncertainties for Jets Reconstructed in the ATLAS Detector at $\sqrt{s}=13$ TeV}",
	author={ATLAS Collaboration},
	institution   = "CERN",
	address       = "Geneva",
	number        = "ATL-PHYS-PUB-2015-015",
	month         = "Jul",
	year          = "2015",
	reportNumber  = "ATL-PHYS-PUB-2015-015",
	OPTurl           = "http://cds.cern.ch/record/2037613",
}
@article{ATLAS-CONF-2016-024,
	title         = "{Electron efficiency measurements with the ATLAS detector using the 2015 LHC proton-proton collision data}",
	institution   = "CERN",
	author = "ATLAS Collaboration",
	address       = "Geneva",
	number        = "ATLAS-CONF-2016-024",
	month         = "Jun",
	year          = "2016",
	reportNumber  = "ATLAS-CONF-2016-024",
	OPTurl           = "https://cds.cern.ch/record/2157687",
}

@article{Cacciari-2008,
	title={The anti-kt jet clustering algorithm},
	volume={2008},
	OPTISSN={1029-8479},
	OPTurl={http://dx.doi.org/10.1088/1126-6708/2008/04/063},
	OPTdoi={10.1088/1126-6708/2008/04/063},
	number={04},
	journal={Journal of High Energy Physics},
	publisher={Springer Science and Business Media LLC},
	author={Cacciari, M. and others},
	year={2008},
	month={Apr},
	pages={063-063}
}
@online{Muon-ID-17,
	author = {ATLAS Collaboration},
	title = {ATLAS Muon Combined Performance with the full 2016 dataset},
	date = {1 March 2017},
	url = {https://atlas.web.cern.ch/Atlas/GROUPS/PHYSICS/PLOTS/MUON-2017-001/index.html}
}
@article{PhysRevLett.109.161802,
	title = {Radiative Natural Supersymmetry with a 125 GeV Higgs Boson},
	author = {Baer, H. and Barger, Vernon and Huang, Peisi and Mustafayev, Azar and Tata, Xerxes},
	journal = {Phys. Rev. Lett.},
	volume = {109},
	issue = {16},
	pages = {161802},
	numpages = {5},
	year = {2012},
	month = {Oct},
	publisher = {American Physical Society},
	OPTdoi = {10.1103/PhysRevLett.109.161802},
	OPTurl = {https://link.aps.org/doi/10.1103/PhysRevLett.109.161802}
}

@article{Giudice:2012pf,
	author         = "Giudice, G. F. and Paradisi, Paride and Strumia,
	Alessandro and Strumia, Alessandro",
	title          = "{Correlation between the Higgs Decay Rate to Two Photons
	and the Muon $g - 2$}",
	journal        = "JHEP",
	volume         = "10",
	year           = "2012",
	pages          = "186",
	OPTdoi            = "10.1007/JHEP10(2012)186",
	OPTeprint         = "1207.6393",
	OPTarchivePrefix  = "arXiv",
	OPTprimaryClass   = "hep-ph",
	reportNumber   = "CERN-PH-TH-2012-209",
	SLACcitation   = "%%CITATION = ARXIV:1207.6393;%%"
}
@article{PhysRevD.98.030001,
	title = {Review of Particle Physics},
	author = {Tanabashi, M. et al.},
	collaboration = {Particle Data Group},
	journal = {Phys. Rev. D},
	volume = {98},
	issue = {3},
	pages = {030001},
	numpages = {1898},
	year = {2018},
	month = {Aug},
	publisher = {American Physical Society},
	OPTdoi = {10.1103/PhysRevD.98.030001},
	OPTurl = {https://link.aps.org/doi/10.1103/PhysRevD.98.030001}
}

@inproceedings{Czarnecki:2000id,
	author         = "Czarnecki, A. and Marciano, W. J.",
	title          = "{The Muon anomalous magnetic moment: Standard model theory and beyond}",
	booktitle      = "{Proceedings, 5th International Symposium on Radiative Corrections - RADCOR 2000}",
	OPTurl            = "http://www.slac.stanford.edu/econf/C000911/",
	OPTyear           = "2000",
	eprint         = "hep-ph/0010194",
	archivePrefix  = "arXiv",
	primaryClass   = "hep-ph",
	reportNumber   = "ALBERTA-THY-11-00, BNL-HET-00-35",
	SLACcitation   = "%%CITATION = HEP-PH/0010194;%%"
}
@article{Ade:2015xua,
	author         = "Ade, P. A. R. and others",
	title          = "{Planck 2015 results. XIII. Cosmological parameters}",
	collaboration  = "Planck",
	journal        = "Astron. Astrophys.",
	volume         = "594",
	year           = "2016",
	pages          = "A13",
	OPTdoi            = "10.1051/0004-6361/201525830",
	OPTeprint         = "1502.01589",
	OPTarchivePrefix  = "arXiv",
	OPTprimaryClass   = "astro-ph.CO",
	SLACcitation   = "%%CITATION = ARXIV:1502.01589;%%"
}
@article{Aad:2016jkr,
	author         = "ATLAS Collaboration",
	title          = "{Muon reconstruction performance of the ATLAS detector in
	proton-proton collision data at $\sqrt{s}=13$~TeV}",
	collaboration  = "ATLAS",
	journal        = "Eur. Phys. J.",
	volume         = "C76",
	year           = "2016",
	number         = "5",
	pages          = "292",
	OPTdoi            = "10.1140/epjc/s10052-016-4120-y",
	OPTeprint         = "1603.05598",
	OPTarchivePrefix  = "arXiv",
	OPTprimaryClass   = "hep-ex",
	reportNumber   = "CERN-EP-2016-033",
	SLACcitation   = "%%CITATION = ARXIV:1603.05598;%%"
}

@online{susy:xsec,
	title = {LHC SUSY Cross Section Working Group},
	date = {2019-09-25},
	url = {https://github.com/fuenfundachtzig/xsec}
}

@article{PhysRevLett.118.191801,
	title = {Measurement of the ${B}_{s}^{0}\ensuremath{\rightarrow}{\ensuremath{\mu}}^{+}{\ensuremath{\mu}}^{\ensuremath{-}}$ Branching Fraction and Effective Lifetime and Search for ${B}^{0}\ensuremath{\rightarrow}{\ensuremath{\mu}}^{+}{\ensuremath{\mu}}^{\ensuremath{-}}$ Decays},
	author = {LHCb Collaboration},
	collaboration = {LHCb Collaboration},
	journal = {Phys. Rev. Lett.},
	volume = {118},
	issue = {19},
	pages = {191801},
	numpages = {11},
	year = {2017},
	month = {May},
	publisher = {American Physical Society},
	OPTdoi = {10.1103/PhysRevLett.118.191801},
	OPTurl = {https://link.aps.org/doi/10.1103/PhysRevLett.118.191801}
}

@article{Oyanguren:2018huo,
	author         = "Oyanguren, A.",
	title          = "{B decay anomalies at LHCb}",
	booktitle      = "{Proceedings, 35th International Symposium on Lattice
	Field Theory (Lattice 2017): Granada, Spain, June 18-24, 2017}",
	collaboration  = "LHCb",
	journal        = "EPJ Web Conf.",
	volume         = "175",
	year           = "2018",
	pages          = "01004",
	OPTdoi            = "10.1051/epjconf/201817501004",
	SLACcitation   = "%%CITATION = 00776,175,01004;%%"
}
@article{PhysRevLett.100.242001,
	title = {Jet Substructure as a New Higgs-Search Channel at the Large Hadron Collider},
	author = {Butterworth, J. M. and others},
	journal = {Phys. Rev. Lett.},
	volume = {100},
	issue = {24},
	pages = {242001},
	numpages = {4},
	year = {2008},
	month = {Jun},
	publisher = {American Physical Society},
	OPTdoi = {10.1103/PhysRevLett.100.242001},
	OPTurl = {https://link.aps.org/doi/10.1103/PhysRevLett.100.242001}
}

@article{PhysRevD.96.112007,
	title = {Recursive jigsaw reconstruction: HEP event analysis in the presence of kinematic and combinatoric ambiguities},
	author = {Jackson, P. and Rogan, C.},
	journal = {Phys. Rev. D},
	volume = {96},
	issue = {11},
	pages = {112007},
	numpages = {36},
	year = {2017},
	month = {Dec},
	publisher = {American Physical Society},
	OPTdoi = {10.1103/PhysRevD.96.112007},
	OPTurl = {https://link.aps.org/doi/10.1103/PhysRevD.96.112007}
}

@article{Buckley:2013kua,
	author         = "Buckley, M. R. and others",
	title          = "{Super-Razor and Searches for Sleptons and Charginos at the LHC}",
	journal        = "Phys. Rev.",
	volume         = "D89",
	year           = "2014",
	number         = "5",
	pages          = "055020",
	OPTdoi            = "10.1103/PhysRevD.89.055020",
	OPTeprint         = "1310.4827",
	OPTarchivePrefix  = "arXiv",
	OPTprimaryClass   = "hep-ph",
	reportNumber   = "FERMILAB-PUB-13-456-A-T",
	SLACcitation   = "%%CITATION = ARXIV:1310.4827;%%"
}
@article{Tovey:2008ui,
	author         = "Tovey, D. R.",
	title          = "{On measuring the masses of pair-produced semi-invisibly decaying particles at hadron colliders}",
	journal        = "JHEP",
	volume         = "04",
	year           = "2008",
	pages          = "034",
	OPTdoi            = "10.1088/1126-6708/2008/04/034",
	OPTeprint         = "0802.2879",
	OPTarchivePrefix  = "arXiv",
	OPTprimaryClass   = "hep-ph",
	OPTSLACcitation   = "%%CITATION = ARXIV:0802.2879;%%"
}
@article{Lester:1999tx,
	author         = "Lester, C. G. and Summers, D. J.",
	title          = "{Measuring masses of semi-invisibly decaying particles pair produced at hadron colliders}",
	journal        = "Phys. Lett.",
	volume         = "B463",
	year           = "1999",
	pages          = "99-103",
	OPTdoi            = "10.1016/S0370-2693(99)00945-4",
	OPTeprint         = "hep-ph/9906349",
	OPTarchivePrefix  = "arXiv",
	OPTprimaryClass   = "hep-ph",
	reportNumber   = "CAVENDISH-HEP-99-07",
	SLACcitation   = "%%CITATION = HEP-PH/9906349;%%"
}
@article{Chatrchyan:2012lia,
	author         = "Chatrchyan, S. and others",
	title          = "{Search for New Physics in the Multijet and Missing Transverse Momentum Final State in Proton-Proton Collisions at $\sqrt{s} = 7$ TeV}",
	collaboration  = "CMS",
	journal        = "Phys. Rev. Lett.",
	volume         = "109",
	year           = "2012",
	pages          = "171803",
	OPTdoi            = "10.1103/PhysRevLett.109.171803",
	OPTeprint         = "1207.1898",
	OPTarchivePrefix  = "arXiv",
	OPTprimaryClass   = "hep-ex",
	reportNumber   = "CMS-SUS-12-011, CERN-PH-EP-2012-184",
	SLACcitation   = "%%CITATION = ARXIV:1207.1898;%%"
}
@article{Chatrchyan:2013mys,
	author         = "Chatrchyan, S. and others",
	title          = "{Search for Supersymmetry in Hadronic Final States with Missing Transverse Energy Using the Variables $\alpha_{T}$ and b-Quark Multiplicity in $pp$ collisions at $\sqrt{s}=8$ TeV}",
	collaboration  = "CMS",
	journal        = "Eur. Phys. J.",
	volume         = "C73",
	year           = "2013",
	number         = "9",
	pages          = "2568",
	OPTdoi            = "10.1140/epjc/s10052-013-2568-6",
	OPTeprint         = "1303.2985",
	OPTarchivePrefix  = "arXiv",
	OPTprimaryClass   = "hep-ex",
	reportNumber   = "CMS-SUS-12-028, CERN-PH-EP-2013-037",
	SLACcitation   = "%%CITATION = ARXIV:1303.2985;%%"
}
@article{PhysRevLett.101.221803,
	title = {Dijet Searches for Supersymmetry at the Large Hadron Collider},
	author = {Randall, L. and Tucker-Smith, D.},
	journal = {Phys. Rev. Lett.},
	volume = {101},
	issue = {22},
	pages = {221803},
	numpages = {4},
	year = {2008},
	month = {Nov},
	publisher = {American Physical Society},
	OPTdoi = {10.1103/PhysRevLett.101.221803},
	OPTurl = {https://link.aps.org/doi/10.1103/PhysRevLett.101.221803}
}

@article{CMS:2015pca,
	author         = "CMS Collaboration",
	title          = "{Search for long-lived particles that decay into final states containing two muons, reconstructed using only the CMS muon chambers}",
	collaboration  = "CMS",
	year           = "2015",
	number   = "CMS-PAS-EXO-14-012",
	SLACcitation   = "%%CITATION = CMS-PAS-EXO-14-012;%%"
}
@article{PhysRevD.92.072004,
	title = {Search for massive, long-lived particles using multi-track displaced vertices or displaced lepton pairs in pp collisions at 8~TeV center-of-mass energy with the ATLAS detector},
	author = {ATLAS Collaboration},
	collaboration = {ATLAS Collaboration},
	journal = {Phys. Rev. D},
	volume = {92},
	issue = {7},
	pages = {072004},
	numpages = {37},
	year = {2015},
	month = {Oct},
	publisher = {American Physical Society},
	OPTdoi = {10.1103/PhysRevD.92.072004},
	OPTurl = {https://link.aps.org/doi/10.1103/PhysRevD.92.072004}
}

@article{PhysRevD.91.012007,
	title = {Search for long-lived neutral particles decaying to quark-antiquark pairs in proton-proton collisions at $\sqrt{s}=8$~TeV$},
	author = {CMS Collaboration},
	journal = {Phys. Rev. D},
	volume = {91},
	issue = {1},
	pages = {012007},
	numpages = {21},
	year = {2015},
	month = {Jan},
	publisher = {American Physical Society},
	OPTdoi = {10.1103/PhysRevD.91.012007},
	OPTurl = {https://link.aps.org/doi/10.1103/PhysRevD.91.012007}
}

@article{CMS-PAS-SUS-13-010,
	title         = "{Search for RPV SUSY in the four-lepton final state}",
	institution   = "CERN",
	author = "CMS Collaboration",
	number        = "CMS-PAS-SUS-13-010",
	year          = "2013",
	reportNumber  = "CMS-PAS-SUS-13-010",
	OPTurl           = "https://cds.cern.ch/record/1550552",
}
@article{ATLAS-CONF-2016-075,
	title         = "{Search for supersymmetry in events with four or more leptons in $\sqrt{s}=13$~TeV pp collisions using $13.3~\text{fb}^{-1}$ of ATLAS data.}",
	institution   = "CERN",
	author = "ATLAS Collaboration",
	number        = "ATLAS-CONF-2016-075",
	month         = "Aug",
	year          = "2016",
	reportNumber  = "ATLAS-CONF-2016-075",
	OPTurl           = "http://cds.cern.ch/record/2206245",
}

@article{ATLAS-CONF-2015-018,
	title         = "{Constraints on promptly decaying supersymmetric particles
	with lepton-number- and R-parity-violating interactions
	using Run-1 ATLAS data}",
	institution   = "CERN",
	author = {ATLAS Collaboration},
	number        = "ATLAS-CONF-2015-018",
	month         = "May",
	year          = "2015",
	reportNumber  = "ATLAS-CONF-2015-018",
	OPTurl           = "http://cds.cern.ch/record/2017303",
}

@article{FARRAR1978575,
	title = "Phenomenology of the production, decay, and detection of new hadronic states associated with supersymmetry",
	journal = "Phys. Lett. B",
	volume = "76",
	number = "5",
	pages = "575 - 579",
	year = "1978",
	OPTISSN = "0370-2693",
	OPTdoi = "https://doi.org/10.1016/0370-2693(78)90858-4",
	OPTurl = "http://www.sciencedirect.com/science/article/pii/0370269378908584",
	author = "Farrar, G. R.  and  Fayet P."
}
@article{Gunion:1984yn,
	author         = "Gunion, J. F. and Haber, H. E.",
	title          = "{Higgs Bosons in Supersymmetric Models. 1.}",
	journal        = "Nucl. Phys.",
	volume         = "B272",
	year           = "1986",
	pages          = "1",
	OPTdoi            = "10.1016/0550-3213(86)90340-8,10.1016/0550-3213(93)90653-7",
	note           = "[Erratum: Nucl. Phys.B402,567(1993)]",
	reportNumber   = "SLAC-PUB-3404",
	SLACcitation   = "%%CITATION = NUPHA,B272,1;%%"
}
@article{Fayet:1974pd,
	author         = "Fayet, P.",
	title          = "{Supergauge Invariant Extension of the Higgs Mechanism
	and a Model for the electron and Its Neutrino}",
	journal        = "Nucl. Phys.",
	volume         = "B90",
	year           = "1975",
	pages          = "104-124",
	OPTdoi            = "10.1016/0550-3213(75)90636-7",
	reportNumber   = "PTENS-74-7",
	SLACcitation   = "%%CITATION = NUPHA,B90,104;%%"
}

@article{PhysRevD.6.429,
	title = {Gauge Theories Without Anomalies},
	author = {Georgi, H. and Glashow, S. L.},
	journal = {Phys. Rev. D},
	volume = {6},
	issue = {2},
	pages = {429--431},
	numpages = {0},
	year = {1972},
	month = {Jul},
	publisher = {American Physical Society},
	OPTdoi = {10.1103/PhysRevD.6.429},
	OPTurl = {https://link.aps.org/doi/10.1103/PhysRevD.6.429}
}

@article{Jack:1999ud,
	author         = "Jack, I. and Jones, D. R. T.",
	title          = "{Nonstandard soft supersymmetry breaking}",
	journal        = "Phys. Lett.",
	volume         = "B457",
	year           = "1999",
	pages          = "101-108",
	OPTdoi            = "10.1016/S0370-2693(99)00530-4",
	OPTeprint         = "hep-ph/9903365",
	OPTarchivePrefix  = "arXiv",
	OPTprimaryClass   = "hep-ph",
	reportNumber   = "LTH-450",
	SLACcitation   = "%%CITATION = HEP-PH/9903365;%%"
}

@article{Girardello:1981wz,
	author         = "Girardello, L. and Grisaru, M. T.",
	title          = "{Soft Breaking of Supersymmetry}",
	journal        = "Nucl. Phys.",
	volume         = "B194",
	year           = "1982",
	pages          = "65",
	OPTdoi            = "10.1016/0550-3213(82)90512-0",
	reportNumber   = "Print-81-0592 (HARVARD)",
	SLACcitation   = "%%CITATION = NUPHA,B194,65;%%"
}

@Article{Steffen2009,
	author="Steffen, F. D.",
	title="Dark-matter candidates",
	journal="The European Physical Journal C",
	year="2009",
	month="Jan",
	day="01",
	volume="59",
	number="2",
	pages="557--588",
	OPTISSN="1434-6052",
	OPTdoi="10.1140/epjc/s10052-008-0830-0",
	OPTurl="https://doi.org/10.1140/epjc/s10052-008-0830-0"
}

@article{ELLIS1984453,
	title = "Supersymmetric relics from the big bang",
	journal = "Nucl. Phys. B",
	volume = "238",
	number = "2",
	pages = "453 - 476",
	year = "1984",
	OPTISSN = "0550-3213",
	OPTdoi = "https://doi.org/10.1016/0550-3213(84)90461-9",
	OPTurl = "http://www.sciencedirect.com/science/article/pii/0550321384904619",
	author = "Ellis, J. and others"
}
@article{PhysRevLett.48.223,
	title = {Supersymmetry, Cosmology, and New Physics at Teraelectronvolt Energies},
	author = {Pagels, H. and others},
	journal = {Phys. Rev. Lett.},
	volume = {48},
	issue = {4},
	pages = {223--226},
	numpages = {0},
	year = {1982},
	month = {Jan},
	publisher = {American Physical Society},
	OPTdoi = {10.1103/PhysRevLett.48.223},
	OPTurl = {https://link.aps.org/doi/10.1103/PhysRevLett.48.223}
}

@article{Bertone:2004pz,
	author         = "Bertone, G. and others",
	title          = "{Particle dark matter: Evidence, candidates and
	constraints}",
	journal        = "Phys. Rept.",
	volume         = "405",
	year           = "2005",
	pages          = "279-390",
	OPTdoi            = "10.1016/j.physrep.2004.08.031",
	OPTeprint         = "hep-ph/0404175",
	OPTarchivePrefix  = "arXiv",
	OPTprimaryClass   = "hep-ph",
	reportNumber   = "FERMILAB-PUB-04-047-A",
	SLACcitation   = "%%CITATION = HEP-PH/0404175;%%"
}
@article{Polonsky:2001pn,
	author         = "Polonsky, N,",
	title          = "{Supersymmetry: Structure and phenomena. Extensions of
	the standard model}",
	journal        = "Lect. Notes Phys. Monogr.",
	volume         = "68",
	year           = "2001",
	pages          = "1-169",
	OPTdoi            = "10.1007/3-540-44642-7",
	OPTeprint         = "hep-ph/0108236",
	OPTarchivePrefix  = "arXiv",
	OPTprimaryClass   = "hep-ph",
	reportNumber   = "MIT-CTP-3164",
	SLACcitation   = "%%CITATION = HEP-PH/0108236;%%"
}
@article{PhysRev.56.72,
	title = {On the Self-Energy and the Electromagnetic Field of the Electron},
	author = {Weisskopf, V. F.},
	journal = {Phys. Rev.},
	volume = {56},
	issue = {1},
	pages = {72--85},
	numpages = {0},
	year = {1939},
	month = {Jul},
	publisher = {American Physical Society},
	OPTdoi = {10.1103/PhysRev.56.72},
	OPTurl = {https://link.aps.org/doi/10.1103/PhysRev.56.72}
}

@article{SUSSKIND1984181,
	title = "The gauge hierarchy problem, technicolor, supersymmetry, and all that",
	journal = "Physics Reports",
	volume = "104",
	number = "2",
	pages = "181 - 193",
	year = "1984",
	OPTISSN = "0370-1573",
	OPTdoi = "https://doi.org/10.1016/0370-1573(84)90208-4",
	OPTurl = "http://www.sciencedirect.com/science/article/pii/0370157384902084",
	author = "L. Susskind"
}
@Article{Sakai1981,
	author="Sakai, N.",
	title="Naturalness in supersymmetric GUTS",
	journal="Zeitschrift fuer Physik C Particles and Fields",
	year="1981",
	month="Jun",
	day="01",
	volume="11",
	number="2",
	pages="153--157",
	OPTISSN="1431-5858",
	OPTdoi="10.1007/BF01573998",
	OPTurl="https://doi.org/10.1007/BF01573998"
}
@article{DIMOPOULOS1981150,
	title = "Softly broken supersymmetry and SU(5)",
	journal = "Nucl. Phys. B",
	volume = "193",
	number = "1",
	pages = "150 - 162",
	year = "1981",
	OPTISSN = "0550-3213",
	OPTdoi = "https://doi.org/10.1016/0550-3213(81)90522-8",
	OPTurl = "http://www.sciencedirect.com/science/article/pii/0550321381905228",
	author = "S. Dimopoulos and H. Georgi"
}
@article{Witten:1981nf,
	author         = "Witten, E.",
	title          = "{Dynamical Breaking of Supersymmetry}",
	journal        = "Nucl. Phys.",
	volume         = "B188",
	year           = "1981",
	pages          = "513",
	OPTdoi            = "10.1016/0550-3213(81)90006-7",
	reportNumber   = "Print-81-0317 (PRINCETON)",
	SLACcitation   = "%%CITATION = NUPHA,B188,513;%%"
}
@book{Weinberg:2000cr,
	author         = "Weinberg, S.",
	title          = "{The quantum theory of fields. Vol. 3: Supersymmetry}",
	publisher      = "Cambridge University Press",
	year           = "2013",
	ISBN           = "9780521670555, 9781139632638, 9780521670555",
	SLACcitation   = "%%CITATION = INSPIRE-527189;%%"
}
@book{nath_2016,
	author = "Nath, P.",
	title = "{Supersymmetry, Supergravity, and Unification}",
	OPTdoi = "10.1017/9781139048118",
	isbn = "978-0-521-19702-1, 978-1-316-98396-6",
	publisher = "Cambridge University Press",
	series = "Cambridge Monographs on Mathematical Physics",
	month = "12",
	year = "2016"
}
@article{ATLAS-CONF-2019-018,
	title         = "{Search for direct stau production in events with two
	hadronic tau leptons in $\sqrt{s} = 13$~TeV pp collisions with
	the ATLAS detector}",
	institution   = "CERN",
	author = "ATLAS Collaboration",
	address       = "Geneva",
	number        = "ATLAS-CONF-2019-018",
	month         = "May",
	year          = "2019",
	OPTreportNumber  = "ATLAS-CONF-2019-018",
	OPTurl           = "http://cds.cern.ch/record/2676595",
}
@article{Aaboud:2017nhr,
	author         = "ATLAS Collaboration",
	title          = "{Search for the direct production of charginos and
	neutralinos  in final states with tau leptons in $\sqrt{s}= 13$~TeV $pp$ collisions with the ATLAS detector}",
	collaboration  = "ATLAS",
	journal        = "Eur. Phys. J.",
	volume         = "C78",
	year           = "2018",
	number         = "2",
	pages          = "154",
	OPTdoi            = "10.1140/epjc/s10052-018-5583-9",
	OPTeprint         = "1708.07875",
	OPTarchivePrefix  = "arXiv",
	OPTprimaryClass   = "hep-ex",
	reportNumber   = "CERN-EP-2017-173",
	SLACcitation   = "%%CITATION = ARXIV:1708.07875;%%"
}
@article{CMS:2019eln,
	author = "CMS Collaboration",
	collaboration = "CMS",
	title = "{Search for direct pair production of supersymmetric partners to the $\tau$ lepton in proton-proton collisions at $\sqrt{s}=$ 13 TeV}",
	OPTeprint = "1907.13179",
	OPTarchivePrefix = "arXiv",
	OPTprimaryClass = "hep-ex",
	reportNumber = "CMS-SUS-18-006, CERN-EP-2019-154",
	OPTdoi = "10.1140/epjc/s10052-020-7739-7",
	journal = "Eur. Phys. J. C",
	volume = "80",
	number = "3",
	pages = "189",
	year = "2020"
}
@article{Sirunyan:2018vig,
	author         = "CMS Collaboration",
	title          = "{Search for supersymmetry in events with a $\tau$ lepton
	pair and missing transverse momentum in proton-proton
	collisions at $\sqrt{s} =$~13 TeV}",
	collaboration  = "CMS",
	journal        = "JHEP",
	volume         = "11",
	year           = "2018",
	pages          = "151",
	OPTdoi            = "10.1007/JHEP11(2018)151",
	OPTeprint         = "1807.02048",
	OPTarchivePrefix  = "arXiv",
	OPTprimaryClass   = "hep-ex",
	reportNumber   = "CMS-SUS-17-003, CERN-EP-2018-149",
	SLACcitation   = "%%CITATION = ARXIV:1807.02048;%%"
}
@article{Khachatryan:2015kxa,
	author         = "CMS Collaboration",
	title          = "{Search for supersymmetry in the vector-boson fusion
	topology in proton-proton collisions at $\sqrt{s}=8$~TeV}",
	collaboration  = "CMS",
	journal        = "JHEP",
	volume         = "11",
	year           = "2015",
	pages          = "189",
	OPTdoi            = "10.1007/JHEP11(2015)189",
	OPTeprint         = "1508.07628",
	OPTarchivePrefix  = "arXiv",
	OPTprimaryClass   = "hep-ex",
	reportNumber   = "CMS-SUS-14-005, CERN-PH-EP-2015-213",
	SLACcitation   = "%%CITATION = ARXIV:1508.07628;%%"
}

@article{Khachatryan:2016trj,
	author         = "CMS Collaboration",
	title          = "{Search for electroweak production of charginos in final
	states with two $\tau$ leptons in pp collisions at $\sqrt{s}=8 $ TeV}",
	collaboration  = "CMS Collaboration",
	journal        = "JHEP",
	volume         = "04",
	year           = "2017",
	pages          = "018",
	OPTdoi            = "10.1007/JHEP04(2017)018",
	OPTeprint         = "1610.04870",
	OPTarchivePrefix  = "arXiv",
	OPtprimaryClass   = "hep-ex",
	reportNumber   = "CMS-SUS-14-022, CERN-EP-2016-225",
	SLACcitation   = "%%CITATION = ARXIV:1610.04870;%%"
}
@article{Aad:2015eda,
	author         = "ATLAS Collaboration",
	title          = "{Search for the electroweak production of supersymmetric
	particles in $\sqrt{s}$=8 TeV $pp$ collisions with the
	ATLAS detector}",
	collaboration  = "ATLAS Collaboration",
	journal        = "Phys. Rev.",
	volume         = "D93",
	year           = "2016",
	number         = "5",
	pages          = "052002",
	OPTdoi            = "10.1103/PhysRevD.93.052002",
	OPTeprint         = "1509.07152",
	OPTarchivePrefix  = "arXiv",
	OPTprimaryClass   = "hep-ex",
	reportNumber   = "CERN-PH-EP-2015-218",
	SLACcitation   = "%%CITATION = ARXIV:1509.07152;%%"
}
@article{Khachatryan:2014qwa,
	author         = "CMS Collaboration",
	title          = "{Searches for electroweak production of charginos,
	neutralinos, and sleptons decaying to leptons and W, Z,
	and Higgs bosons in pp collisions at 8 TeV}",
	collaboration  = "CMS Collaboration",
	journal        = "Eur. Phys. J.",
	volume         = "C74",
	year           = "2014",
	number         = "9",
	pages          = "3036",
	OPTdoi            = "10.1140/epjc/s10052-014-3036-7",
	OPTeprint         = "1405.7570",
	OPTarchivePrefix  = "arXiv",
	primaryClass   = "hep-ex",
	reportNumber   = "CMS-SUS-13-006, CERN-PH-EP-2014-098",
	SLACcitation   = "%%CITATION = ARXIV:1405.7570;%%"
}
@article{Aad:2014yka,
	author         = "ATLAS Collaboration",
	title          = "{Search for the direct production of charginos,
	neutralinos and staus in final states with at least two
	hadronically decaying taus and missing transverse momentum
	in $pp$ collisions at $\sqrt{s}$ = 8 TeV with the ATLAS
	detector}",
collaboration = "ATLAS",
title = "{Search for the direct production of charginos, neutralinos and staus in final states with at least two hadronically decaying taus and missing transverse momentum in $pp$ collisions at $\sqrt{s}$ = 8 TeV with the ATLAS detector}",
OPTeprint = "1407.0350",
OPTarchivePrefix = "arXiv",
OPTprimaryClass = "hep-ex",
reportNumber = "CERN-PH-EP-2014-121",
OPTdoi = "10.1007/JHEP10(2014)096",
journal = "JHEP",
volume = "10",
pages = "096",
year = "2014"
}
@article{lep:stau,
	author="LEP2 SUSY Working Group",
	title = {Combined LEP Selectron, Smuon, Stau Results, 183-208 GeV},
	url = {http://lepsusy.web.cern.ch/lepsusy/www/sleptons_summer04/slep_final.html},
	note = {Accessed: 2019-09-24},
	year={2004}
}
@article{PhysRevD.79.075020,
	title = {Simplified models for a first characterization of new physics at the LHC},
	author = {Alwall, J. and others},
	journal = {Phys. Rev. D},
	volume = {79},
	issue = {7},
	pages = {075020},
	numpages = {38},
	year = {2009},
	month = {Apr},
	publisher = {American Physical Society},
	OPTdoi = {10.1103/PhysRevD.79.075020},
	OPTurl = {https://link.aps.org/doi/10.1103/PhysRevD.79.075020}
}
@article{PhysRevD.79.015005,
	title = {Model-independent jets plus missing energy searches},
	author = {Alwall, J. and others},
	journal = {Phys. Rev. D},
	volume = {79},
	issue = {1},
	pages = {015005},
	numpages = {13},
	year = {2009},
	month = {Jan},
	publisher = {American Physical Society},
	OPTdoi = {10.1103/PhysRevD.79.015005},
	OPTurl = {https://link.aps.org/doi/10.1103/PhysRevD.79.015005}
}
@article{Alves_2012,
	OPTdoi = {10.1088/0954-3899/39/10/105005},
	OPTurl = {https://doi.org/10.1088%2F0954-3899%2F39%2F10%2F105005},
	year = 2012,
	month = {sep},
	publisher = {{IOP} Publishing},
	volume = {39},
	number = {10},
	pages = {105005},
	author = {Alves, D. and others},
	title = {Simplified models for {LHC} new physics searches},
	journal = {Journal of Physics G: Nuclear and Particle Physics}
}

@article{Arnowitt:2008bz,
	author         = "Arnowitt, R. L. and others,
	David",
	title          = "{Determining the Dark Matter Relic Density in the mSUGRA neutralino-stau Co-Annhiliation Region at the LHC}",
	journal        = "Phys. Rev. Lett.",
	volume         = "100",
	year           = "2008",
	pages          = "231802",
	OPTdoi            = "10.1103/PhysRevLett.100.231802",
	OPTeprint         = "0802.2968",
	OPTarchivePrefix  = "arXiv",
	primaryClass   = "hep-ph",
	reportNumber   = "MIFP-08-02",
	SLACcitation   = "%%CITATION = ARXIV:0802.2968;%%"
}
@article{King:2007vh,
	author         = "King, S. F. and others",
	title          = "{Natural dark matter in SUSY GUTs with non-universal gaugino masses}",
	journal        = "JHEP",
	volume         = "10",
	year           = "2007",
	pages          = "106",
	OPTdoi            = "10.1088/1126-6708/2007/10/106",
	OPTeprint         = "0705.4219",
	OPTarchivePrefix  = "arXiv",
	OPTprimaryClass   = "hep-ph",
	SLACcitation   = "%%CITATION = ARXIV:0705.4219;%%"
}
@article{AlbornozVasquez:2011yq,
	author         = "Albornoz Vasquez, D. and others",
	title          = "{Revisiting light neutralino scenarios in the MSSM}",
	journal        = "Phys. Rev.",
	volume         = "D84",
	year           = "2011",
	pages          = "095015",
	OPTdoi            = "10.1103/PhysRevD.84.095015",
	OPTeprint         = "1108.1338",
	archivePrefix  = "arXiv",
	primaryClass   = "hep-ph",
	SLACcitation   = "%%CITATION = ARXIV:1108.1338;%%"
}
@article{PhysRevD.43.3191,
	title = {Three exceptions in the calculation of relic abundances},
	author = {Griest, K. and Seckel, D.},
	journal = {Phys. Rev. D},
	volume = {43},
	issue = {10},
	pages = {3191--3203},
	numpages = {0},
	year = {1991},
	month = {May},
	publisher = {American Physical Society},
	OPTdoi = {10.1103/PhysRevD.43.3191},
	OPTurl = {https://link.aps.org/doi/10.1103/PhysRevD.43.3191}
}

@article{PhysRevD.43.3191,
	title = {Three exceptions in the calculation of relic abundances},
	author = {Griest, Kim and Seckel, David},
	journal = {Phys. Rev. D},
	volume = {43},
	issue = {10},
	pages = {3191--3203},
	numpages = {0},
	year = {1991},
	month = {May},
	publisher = {American Physical Society},
	OPTdoi = {10.1103/PhysRevD.43.3191},
	OPTurl = {https://link.aps.org/doi/10.1103/PhysRevD.43.3191}
}

@article{Belanger:2012jn,
	author         = "Belanger, Genevieve and Biswas, Sanjoy and Boehm, Celine
	and Mukhopadhyaya, Biswarup",
	title          = "{Light Neutralino Dark Matter in the MSSM and Its
	Implication for LHC Searches for Staus}",
	journal        = "JHEP",
	volume         = "12",
	year           = "2012",
	pages          = "076",
	OPTdoi            = "10.1007/JHEP12(2012)076",
	OPTeprint         = "1206.5404",
	OPTarchivePrefix  = "arXiv",
	OPTprimaryClass   = "hep-ph",
	SLACcitation   = "%%CITATION = ARXIV:1206.5404;%%"
}
@article{Arganda:2018hdn,
	author         = "Arganda, E. and others",
	title          = "{Potential discovery of staus through heavy Higgs boson
	decays at the LHC}",
	journal        = "JHEP",
	volume         = "09",
	year           = "2018",
	pages          = "056",
	OPTdoi            = "10.1007/JHEP09(2018)056",
	OPTeprint         = "1804.10698",
	OPTarchivePrefix  = "arXiv",
	OPTprimaryClass   = "hep-ph",
	reportNumber   = "BONN-TH-2018-06, IFT-UAM/CSIC-18-037,
	IFT-UAM-CSIC-18-037",
	SLACcitation   = "%%CITATION = ARXIV:1804.10698;%%"
}
@article{Arganda:2018hdn,
	author         = "Arganda, E. and others",
	title          = "{Potential discovery of staus through heavy Higgs boson
	decays at the LHC}",
	journal        = "JHEP",
	volume         = "09",
	year           = "2018",
	pages          = "056",
	OPTdoi            = "10.1007/JHEP09(2018)056",
	eprint         = "1804.10698",
	archivePrefix  = "arXiv",
	primaryClass   = "hep-ph",
	reportNumber   = "BONN-TH-2018-06, IFT-UAM/CSIC-18-037,
	IFT-UAM-CSIC-18-037",
	SLACcitation   = "%%CITATION = ARXIV:1804.10698;%%"
}
@article{Jungman:1995df,
	author         = "Jungman, G. and others",
	title          = "{Supersymmetric dark matter}",
	journal        = "Phys. Rept.",
	volume         = "267",
	year           = "1996",
	pages          = "195-373",
	OPTdoi            = "10.1016/0370-1573(95)00058-5",
	OPTeprint         = "hep-ph/9506380",
	OPTarchivePrefix  = "arXiv",
	primaryClass   = "hep-ph",
	reportNumber   = "SU-4240-605, UCSD-PTH-95-02, IASSNS-HEP-95-14, CU-TP-677",
	SLACcitation   = "%%CITATION = HEP-PH/9506380;%%"
}
@article{lumi-atlas,
	title = "Delivered Luminosity",
	author = "ATLAS Collaboration",
	url = {https://twiki.cern.ch/twiki/bin/view/AtlasPublic/LuminosityPublicResultsRun2},
	year={2011-2018}	
}
@article{GRAFSTROM201597,
	title = "Luminosity determination at proton colliders",
	journal = "Progress in Particle and Nuclear Physics",
	volume = "81",
	pages = "97 - 148",
	year = "2015",
	OPTISSN = "0146-6410",
	OPTdoi = "https://doi.org/10.1016/j.ppnp.2014.11.002",
	OPTurl = "http://www.sciencedirect.com/science/article/pii/S0146641014000878",
	author = "P. Grafstrom and W. Kozanecki"
}
@article{ATLAS-CONF-2019-021,
	title         = "{Luminosity determination in $pp$ collisions at $\sqrt{s}=13$ TeV using the ATLAS detector at the LHC}",
	institution   = "CERN",
	author = "ATLAS Collaboration",
	number        = "ATLAS-CONF-2019-021",
	month         = "Jun",
	year          = "2019",
	reportNumber  = "ATLAS-CONF-2019-021",
	OPTurl           = "http://cds.cern.ch/record/2677054",
}

@article{ATLAS_2008,
		title = {The ATLAS Experiment at the CERN Large Hadron Collider},
	OPTdoi = {10.1088/1748-0221/3/08/s08003},
	OPTurl = {https://doi.org/10.1088%2F1748-0221%2F3%2F08%2Fs08003},
	year = 2008,
	month = {Aug},
	journal = {IOP},
	volume = {3},
	number = {08},
	OPTpages = {S08003--S08003},
	author = {ATLAS Collaboration},
	journal = "Journal of Instrumentation"
}	
@article{Aaboud:2016leb,
	author         = "ATLAS Collaboration",
	title          = "{Performance of the ATLAS Trigger System in 2015}",
	collaboration  = "ATLAS",
	journal        = "Eur. Phys. J.",
	volume         = "C77",
	year           = "2017",
	number         = "5",
	pages          = "317",
	OPTdoi            = "10.1140/epjc/s10052-017-4852-3",
	OPTeprint         = "1611.09661",
	OPTarchivePrefix  = "arXiv",
	OPTprimaryClass   = "hep-ex",
	reportNumber   = "CERN-EP-2016-241",
	SLACcitation   = "%%CITATION = ARXIV:1611.09661;%%"
}
@article{CERN-LHCC-2012-009,
	title         = "{ATLAS Insertable B-Layer Technical Design Report
	Addendum}",
	author = "ATLAS Collaboration",
	number        = "CERN-LHCC-2012-009, ATLAS-TDR-19-ADD-1",
	month         = "May",
	year          = "2012",
	reportNumber  = "CERN-LHCC-2012-009",
	OPTurl           = "https://cds.cern.ch/record/1451888",
	OPTnote          = "Addendum to CERN-LHCC-2010-013, ATLAS-TDR-019",
}
@article{Aaboud:2018htj,
	author         = "ATLAS Collaboration",
	title          = "{Search for pair production of higgsinos in final states
	with at least three $b$-tagged jets in $\sqrt{s} = 13$ TeV
	$pp$ collisions using the ATLAS detector}",
	collaboration  = "ATLAS",
	journal        = "Phys. Rev.",
	volume         = "D98",
	year           = "2018",
	number         = "9",
	pages          = "092002",
	OPTdoi            = "10.1103/PhysRevD.98.092002",
	OPTeprint         = "1806.04030",
	OPTarchivePrefix  = "arXiv",
	OPTprimaryClass   = "hep-ex",
	reportNumber   = "CERN-EP-2018-050",
	SLACcitation   = "%%CITATION = ARXIV:1806.04030;%%"
}
@article{ATL-PHYS-PUB-2019-022,
	title         = "{ATLAS SUSY July 2019 Summary Plot Update}",
	institution   = "CERN",
	author = "ATLAS Collaboration",
	number        = "ATL-PHYS-PUB-2019-022",
	month         = "Jul",
	year          = "2019",
	reportNumber  = "ATL-PHYS-PUB-2019-022",
	OPTurl           = "http://cds.cern.ch/record/2682063",
}
@article{BARBIERI198863,
	title = "Upper bounds on supersymmetric particle masses",
	journal = "Nucl. Phys. B",
	volume = "306",
	number = "1",
	pages = "63 - 76",
	year = "1988",
	OPTISSN = "0550-3213",
	OPTdoi = "https://doi.org/10.1016/0550-3213(88)90171-X",
	OPTurl = "http://www.sciencedirect.com/science/article/pii/055032138890171X",
	author = "R. Barbieri and G.F. Giudice",
}
@article{deCarlos:1993rbr,
	author         = "de Carlos, B. and Casas, J. A.",
	title          = "{One loop analysis of the electroweak breaking in
	supersymmetric models and the fine tuning problem}",
	journal        = "Phys. Lett.",
	volume         = "B309",
	year           = "1993",
	pages          = "320-328",
	OPTdoi            = "10.1016/0370-2693(93)90940-J",
	OPTeprint         = "hep-ph/9303291",
	OPTarchivePrefix  = "arXiv",
	OPTprimaryClass   = "hep-ph",
	reportNumber   = "CERN-TH-6835-93, IEM-FT-70-93",
	SLACcitation   = "%%CITATION = HEP-PH/9303291;%%"
}
@article{Martin:1997ns,
	author         = "Martin, S. P.",
	title          = "{A Supersymmetry Primer}",
	year           = "1997",
	pages          = "1-98",
	OPTdoi            = "10.1142/9789812839657_0001, 10.1142/9789814307505_0001",
	note           = "Adv. Ser. Direct. High Energy Phys.18,1(1998)",
	OPTeprint         = "hep-ph/9709356",
	OPTarchivePrefix  = "arXiv",
	OPTprimaryClass   = "hep-ph",
	reportNumber   = "FERMILAB-PUB-97-425-T",
	SLACcitation   = "%%CITATION = HEP-PH/9709356;%%"
}


@article{Baron:2013eja,
	author         = "Baron, Jacob and others",
	title          = "{Order of Magnitude Smaller Limit on the Electric Dipole Moment of the Electron}",
	collaboration  = "ACME",
	journal        = "Science",
	volume         = "343",
	year           = "2014",
	pages          = "269-272",
	OPTdoi            = "10.1126/science.1248213",
	eprint         = "1310.7534",
	archivePrefix  = "arXiv",
	primaryClass   = "physics.atom-ph",
	SLACcitation   = "%%CITATION = ARXIV:1310.7534;%%"
}

@article{Aaboud:2018zeb,
	author         = "{ATLAS Collaboration}",
	title          = "{Search for supersymmetry in events with four or more leptons in $\sqrt{s}=13$ TeV $pp$ collisions with ATLAS}",
	collaboration  = "ATLAS",
	journal        = "Phys. Rev.",
	volume         = "D98",
	year           = "2018",
	number         = "3",
	pages          = "032009",
	OPTdoi            = "10.1103/PhysRevD.98.032009",
	OPTeprint         = "1804.03602",
	OPTarchivePrefix  = "arXiv",
	OPTprimaryClass   = "hep-ex",
	reportNumber   = "CERN-EP-2017-300",
	SLACcitation   = "%%CITATION = ARXIV:1804.03602;%%",
}

@article{Aaboud:2017iio,
	author         = "{ATLAS Collaboration}",
	title          = "{Search for long-lived, massive particles in events with
	displaced vertices and missing transverse momentum in
	$\sqrt{s}$ = 13 TeV $pp$ collisions with the ATLAS
	detector}",
	collaboration  = "ATLAS",
	journal        = "Phys. Rev.",
	volume         = "D97",
	year           = "2018",
	number         = "5",
	pages          = "052012",
	OPTdoi            = "10.1103/PhysRevD.97.052012",
	eprint         = "1710.04901",
	archivePrefix  = "arXiv",
	primaryClass   = "hep-ex",
	reportNumber   = "CERN-EP-2017-202",
	SLACcitation   = "%%CITATION = ARXIV:1710.04901;%%"
}

@article{Aaboud:2018pen,
	author         = "{ATLAS Collaboration}",
	title          = "{Cross-section measurements of the Higgs boson decaying
	into a pair of $\tau$-leptons in proton-proton collisions
	at $\sqrt{s}=13$ TeV with the ATLAS detector}",
	journal        = "Phys. Rev.",
	volume         = "D99",
	year           = "2019",
	pages          = "072001",
	OPTdoi            = "10.1103/PhysRevD.99.072001",
	eprint         = "1811.08856",
	archivePrefix  = "arXiv",
	primaryClass   = "hep-ex",
	reportNumber   = "CERN-EP-2018-232",
	SLACcitation   = "%%CITATION = ARXIV:1811.08856;%%"
}

@article{Ayoub:2674914,
	author         = "{ATLAS Collaboration}",
	title         = "{Search for direct stau production in events with two
	hadronic tau leptons in $\sqrt{s} = 13$~TeV pp collisions with
	the ATLAS detector}",
	reportNumber  = "ATLAS-COM-CONF-2019-037",
	OPTurl           = "https://cds.cern.ch/record/2674914",	
}

@article{Zinonos:2633126,
	author        = "Zinonos, Z.",
	title         = "{Search for supersymmetry in events with four or more
	leptons in $\sqrt{s}=13$~TeV $pp$ collisions with ATLAS}",
	collaboration = "ATLAS Collaboration",
	reportNumber  = "ATL-PHYS-SLIDE-2018-570",
	OPTurl           = "https://cds.cern.ch/record/2633126"
}
@article{ichep-susy,
	author         = "Zinonos, Z.",
	title          = "{Searches for electroweak production of supersymmetric gauginos and sleptons at LHC}",
	url            = "https://pos.sissa.it/340/565/pdf",
	booktitle = "PoS(ICHEP2018)565",
}
@article{ichep-higgs,
	author         = "Zinonos, Z.",
	title          = "{Cross-section measurements of the Higgs boson decaying to a pair of tau leptons in proton--proton collisions at $\sqrt{s}=13$~TeV with the ATLAS detector}",
	url            = "https://pos.sissa.it/340/104/pdf",
	booktitle = "PoS(ICHEP2018)104",
}
@article{Zinonos:2017smd,
	author         = "Zinonos, Z.",
	title          = "{Searches for electroweak production of supersymmetric
	gauginos and sleptons with the ATLAS detector}",
	booktitle      = "{Proceedings, 2017 European Physical Society Conference
	on High Energy Physics (EPS-HEP 2017): Venice, Italy, July
	5-12, 2017}",
	url            = "https://pos.sissa.it/314/357/pdf",
	booktitle = "PoS(EPS-HEP2017)357",
}

@article{ATLAS-CONF-2016-075,
	title         = "{Search for supersymmetry in events with four or more leptons in $\sqrt{s}=13~{\mathrm TeV}$ pp collisions using $13.3\,{\mathrm fb}^{-1}$ of ATLAS data.}",
	institution   = "CERN",
	collaboration = "{ATLAS Collaboration}",
	number        = "ATLAS-CONF-2016-075",
	year          = "2016",
	reportNumber  = "ATLAS-CONF-2016-075",
	url           = "http://cds.cern.ch/record/2206245",
}

@phdthesis{Zinonos:2012cea,
	author        = "Zinonos, Zinonas and Cavasinni, Vincenzo",
	title         = "{Measurement of the multi-jet cross-sections with the
	ATLAS detector at the LHC}",
	year          = "2012",
	school         = "Universit\`{a} di Pisa",
	url           = "http://cds.cern.ch/record/1571198",
	note          = "Presented on 11 December 2011"	
}
@MasterThesis{Zinonos:2134948,
	author        = "Zinonos, Zinonas and Ptochos, Fotios",
	title         = "{Exploring higher dimensional black holes at LHC with CMS
	detector}",
	year          = "2007",
	school         = "University of Cyprus",
	url           = "https://cds.cern.ch/record/2134948",
	note          = "Presented on 14 May 2007"
}

@phdthesis{Krauss,
	author        = "Dominik Krauss",
	title         = "{Search for long-lived, massive particles decaying into leptons in $pp$ collisions at 13~TeV centre-of-mass energy, with the ATLAS detector at the LHC}",
	year          = "2007",
	school         = "TU Munich",
	note          = "Due May 2019"
}
@thesis{Rendel:2320570,
	author        = "Rendel, M. B.",
	title         = "{Search for Supersymmetry in Multileptonic Final States
	with Collimated $\tau$ Pairs with the ATLAS Detector at the
	LHC}",
	month         = "April",
	year          = "2018",
	reportNumber  = "CERN-THESIS-2018-061",
	url           = "http://cds.cern.ch/record/2320570"
}

@thesis{Maschek:2255702,
	author        = "Maschek, Stefan Raimund",
	title         = "{Study of R-parity Violating Decays of Supersymmetric
	Particles with the ATLAS Detector at the LHC}",
	month         = "October",
	year          = "2016",
	reportNumber  = "CERN-THESIS-2016-264",
	url           = "https://cds.cern.ch/record/2255702"
}

@thesis{selle,
	author        = "Patrick Selle",
	title         = "{Search for supersymmetry in events with tau leptons and missing transverse energy in proton-proton collisions at $\sqrt{s}=13$~TeV with the ATLAS detector at LHC}",
	note          = "Due May 2019",
}

@thesis{Johannes,
	author        = "Johannes Josef Junggeburth",
	title         = "{Search for supersymmetry in events with four or more leptons in collisions with the ATLAS detector}",
	note          = "Due Winter 2019",
}

@article{xtau_git,
	title = "xTauFramework analysis framework",
	url = "https://gitlab.cern.ch/ATauLeptonAnalysiS/xTauFramework"
}

@article{tau-munich,
	title = "ATLAS Tau workshop - Tau Performance and Higgs to Leptons",
	year = "October 2017",
	url = "https://indico.cern.ch/event/636010/",
	note = " Max Planck Institute for Physics, Munich"
}

@article{4l-munich,
	title = "ATLAS Four-Lepton SUSY Workshop",
	year = "16-17 January, 2019",
	url = "https://indico.mpp.mpg.de/event/6190/",
	note = " Max Planck Institute for Physics, Munich"
}


@article{ATLAS-CONF-2017-029,
	title         = "{Measurement of the tau lepton reconstruction and
	identification performance in the ATLAS experiment using
	$pp$ collisions at $\sqrt{s}=13~{\rm TeV}$}",
	institution   = "CERN",
	collaboration = "ATLAS Collaboration",
	number        = "ATLAS-CONF-2017-029",
	month         = "May",
	year          = "2017",
	reportNumber  = "ATLAS-CONF-2017-029",
	OPTurl           = "https://cds.cern.ch/record/2261772",
}

@article{fitbox,
	title = "FitBox, statistical framework",
	url = "https://gitlab.cern.ch/ATauLeptonAnalysiS/FitBox"
}

@article{wsbuilder,
	title = "WorkspaceBuilder, statistical framework",
	url = "https://gitlab.cern.ch/ATauLeptonAnalysiS/WorkspaceBuilder"
}
@article{xampp,
	title = "XAMPP analysis framework",
	url = "https://gitlab.cern.ch/atlas-mpp-xampp"
}


@article{esv,
	title = "Event shape variables for HEP",
	note = {\url{https://gitlab.cern.ch/ATauLeptonAnalysiS/
	EventShapeVariables}}
	
}


@article{Zinonos:2011qwu,
	author         = "Zinonos, Z.",
	title          = "{Kinematic properties of jets produced in $pp$ collisions
	at $\sqrt{s} = 900$ GeV at LHC with the ATLAS detector}",
	booktitle      = "{Proceedings, 22nd Conference on High Energy Physics
	(IFAE 2010): Rome, Italy, April 7-9, 2010}",
	journal        = "Nuovo Cim.",
	volume         = "33",
	year           = "2010",
	pages          = "295-296",
	OPTdoi            = "10.1393/ncc/i2011-10813-2",
	SLACcitation   = "%%CITATION = NUCIA,33,295;%%"
}

@article{Zinonos:2013uwa,
	author         = "Zinonos, Z.",
	title          = "{Search for the Standard Model Higgs boson decaying to
	di-tau channel with fully hadronic mode in ATLAS
	experiment}",
	booktitle      = "{Proceedings, 24th Conference on High Energy Physics
	(IFAE 2012): Ferrara, Italy, April 11-13, 2012}",
	journal        = "Nuovo Cim.",
	volume         = "C036",
	year           = "2013",
	number         = "01",
	pages          = "295-296",
	doi            = "10.1393/ncc/i2013-11467-8",
	SLACcitation   = "%%CITATION = NUCIA,C036,295;%%"
}

@proceedings{Adam:2016gcm,
	editor         = "Adam, Wolfgang and Pradler, Josef and Schieck, Jochen and
	Schwanda, Christoph and Waltenberger, Wolfgang",
	title          = "{Proceedings, LHCSki 2016 - A First Discussion of 13 TeV
	Results}",
	year           = "2016",
	eprint         = "1607.01212",
	archivePrefix  = "arXiv",
	primaryClass   = "hep-ph",
	SLACcitation   = "%%CITATION = ARXIV:1607.01212;%%"
}

@inproceedings{Zinonos:2010xc,
	author         = "Zinonos, Zinonas",
	title          = "{Jet production cross section and jet properties in $pp$
	collisions at $sqrt(s)$ = 7 TeV with the ATLAS detector}",
	booktitle      = "{Hadron collider physics. Proceedings, 22nd Conference,
	HCP 2010, Toronto, Canada, August 23-27, 2010}",
	year           = "2010",
	eprint         = "1010.0871",
	archivePrefix  = "arXiv",
	primaryClass   = "hep-ex",
	SLACcitation   = "%%CITATION = ARXIV:1010.0871;%%"
}


@article{Zinonos:2013cla,
	author         = "Gennai, S. and Zinonos, Z.",
	title          = "{Study of the $H \to \tau\tau$ decay channel from the ATLAS and
	the CMS Collaborations..}",
	booktitle      = "{Proceedings, 6th Italian Workshop on p-p physics at the
	LHC (LHCPP2013)}",
	journal        = "PoS",
	volume         = "LHCPP2013",
	year           = "2013",
	pages          = "005",
	doi            = "10.22323/1.188.0005",
	SLACcitation   = "%%CITATION = POSCI,LHCPP2013,005;%%"
}

@article{ICNFP,
	author = {{Zinonas, Zinonos}},
	title = {Search for the Standard Model Higgs boson in H -> - decays in proton-proton collisions with the ATLAS detector},
	DOI= "10.1051/epjconf/20147100145",
	url= "https://doi.org/10.1051/epjconf/20147100145",
	journal = {EPJ Web of Conferences},
	booktitle      = "{Proceedings, ICNFP 2013, Crete)}",
	year = 2014,
	volume = 71,
	pages = "00145",
}

@inproceedings{Zinonos:2014rma,
	author         = "Zinonos, Zinonas",
	title          = "{Reconstruction and identification of hadronic decays of
	tau leptons in ATLAS}",
	booktitle      = "{Proceedings, 2nd Conference on Large Hadron Collider
	Physics Conference (LHCP 2014): New York, USA, June 2-7,
	2014}",
	url            = "http://www.slac.stanford.edu/econf/C140602.2/papers/1409.0343v1.pdf",
	year           = "2014",
	eprint         = "1409.0343",
	archivePrefix  = "arXiv",
	primaryClass   = "hep-ex",
	reportNumber   = "ATL-PHYS-PROC-2014-111",
	SLACcitation   = "%%CITATION = ARXIV:1409.0343;%%"
}



@article{atlas-meetings,
title          = "ATLAS Collaboration meetings",	
url = "https://indico.cern.ch/search?search-phrase=zinonos",
year = "2011-2018"
}
@proceedings{Bellettini:2011zz,
	editor         = "Bellettini, Giorgio",
	title          = "{Jet reconstruction and spectroscopy at hadron colliders.
	Proceedings, Workshop, Pisa, Italy, April 18-19, 2011}",
	url            = "http://iopscience.iop.org/1742-6596/323/1",
	journal        = "J. Phys. Conf. Ser. 323 (2011) nonconsec. pag",
	year           = "2011",
	SLACcitation   = "%%CITATION = INSPIRE-1086954;%%"
}
@article{MMC,
	author         = "Elagin, A. and Murat, P. and Pranko, A. and Safonov, A.",
	title          = "{A New Mass Reconstruction Technique for Resonances
	Decaying to di-tau}",
	journal        = "Nucl. Instrum. Meth.",
	volume         = "A654",
	year           = "2011",
	pages          = "481-489",
	doi            = "10.1016/j.nima.2011.07.009",
	eprint         = "1012.4686",
	archivePrefix  = "arXiv",
	primaryClass   = "hep-ex",
	reportNumber   = "FERMILAB-PUB-11-918-PPD",
	SLACcitation   = "%%CITATION = ARXIV:1012.4686;%%"
}
@online{tera18,
	title = {12$^\text{th}$ Annual Helmholtz Alliance Workshop on Physics at the Terascale},
	date = {26-28 November 2018},
	url = {https://indico.desy.de/indico/event/21296/},
	
}
@online{tera17,
	title = {11$^\text{th}$ Annual Helmholtz Alliance Workshop on Physics at the Terascale},
	date = {27-29 November 2017},
	url = {https://indico.desy.de/indico/event/18681/},	
}








@article{MMC,
	author         = "Elagin, A. and Murat, P. and Pranko, A. and Safonov, A.",
	title          = "{A New Mass Reconstruction Technique for Resonances
	Decaying to di-tau}",
	journal        = "Nucl. Instrum. Meth.",
	volume         = "A654",
	year           = "2011",
	pages          = "481-489",
	doi            = "10.1016/j.nima.2011.07.009",
	eprint         = "1012.4686",
	archivePrefix  = "arXiv",
	primaryClass   = "hep-ex",
	reportNumber   = "FERMILAB-PUB-11-918-PPD",
	SLACcitation   = "%%CITATION = ARXIV:1012.4686;%%"
}



@article{ATLAS:2018lur,
	author         = "ATLAS collaboration",
	title          = "{Cross-section measurements of the Higgs boson decaying
	to a pair of tau leptons in proton--proton collisions at
	$\sqrt{s}=13$ TeV with the ATLAS detector}",
	collaboration  = "ATLAS",
	year           = "2018",
	reportNumber   = "ATLAS-CONF-2018-021",
	SLACcitation   = "%%CITATION = ATLAS-CONF-2018-021;%%"
}

@article{ATLAS:2017mpa,
	author         = "ATLAS collaboration",
	title          = "{Measurement of the tau lepton reconstruction and
	identification performance in the ATLAS experiment using
	$pp$ collisions at $\sqrt{s}=13~{\rm TeV}$}",
	collaboration  = "ATLAS",
	year           = "2017",
	reportNumber   = "ATLAS-CONF-2017-029",
	SLACcitation   = "%%CITATION = ATLAS-CONF-2017-029;%%"
}

@article{hbsm,
	author         = "ATLAS collaboration",
	title          = "{Search for Neutral Minimal Supersymmetric Standard Model
	Higgs Bosons H/A$\to \tau \tau$ produced in $pp$
	collisions at $\sqrt{s}=13$ TeV with the ATLAS Detector}",
	year           = "2015",
	reportNumber   = "ATLAS-CONF-2015-061",
	SLACcitation   = "%%CITATION = ATLAS-CONF-2015-061;%%"
}

@article{Aad:2015unr,
	author         = "ATLAS collaboration",
	title          = "{Reconstruction of hadronic decay products of tau leptons
	with the ATLAS experiment}",
	collaboration  = "ATLAS",
	year           = "2015",
	eprint         = "1512.05955",
	archivePrefix  = "arXiv",
	primaryClass   = "hep-ex",
	reportNumber   = "CERN-PH-EP-2015-294",
	SLACcitation   = "%%CITATION = ARXIV:1512.05955;%%"
}

@article{Aad:2015vsa,
	author         = "ATLAS collaboration",
	title          = "{Evidence for the Higgs-boson Yukawa coupling to tau
	leptons with the ATLAS detector}",
	collaboration  = "ATLAS",
	journal        = "JHEP",
	volume         = "04",
	year           = "2015",
	pages          = "117",
	doi            = "10.1007/JHEP04(2015)117",
	eprint         = "1501.04943",
	archivePrefix  = "arXiv",
	primaryClass   = "hep-ex",
	reportNumber   = "CERN-PH-EP-2014-262",
	SLACcitation   = "%%CITATION = ARXIV:1501.04943;%%"
}

@article{Aad:2014rga,
	author         = "ATLAS collaboration",
	title          = "{Identification and energy calibration of hadronically
	decaying tau leptons with the ATLAS experiment in $pp$
	collisions at $\sqrt{s}$=8 TeV}",
	collaboration  = "ATLAS",
	journal        = "Eur. Phys. J.",
	volume         = "C75",
	year           = "2015",
	number         = "7",
	pages          = "303",
	doi            = "10.1140/epjc/s10052-015-3500-z",
	eprint         = "1412.7086",
	archivePrefix  = "arXiv",
	primaryClass   = "hep-ex",
	reportNumber   = "CERN-PH-EP-2014-227",
	SLACcitation   = "%%CITATION = ARXIV:1412.7086;%%"
}

@article{Aad:2012mea,
	author         = "ATLAS collaboration",
	title          = "{Search for the Standard Model Higgs boson in the $H \to
	\tau^{+} \tau^{-}$ decay mode in $\sqrt{s}=7$ TeV $pp$
	collisions with ATLAS}",
	collaboration  = "ATLAS",
	journal        = "JHEP",
	volume         = "09",
	year           = "2012",
	pages          = "070",
	doi            = "10.1007/JHEP09(2012)070",
	eprint         = "1206.5971",
	archivePrefix  = "arXiv",
	primaryClass   = "hep-ex",
	reportNumber   = "CERN-PH-EP-2012-140, SLAC-PUB-16019",
	SLACcitation   = "%%CITATION = ARXIV:1206.5971;%%"
}

@article{Aad:2011fc,
	author         = "ATLAS collaboration",
	title          = "{Measurement of inclusive jet and dijet production in
	$pp$ collisions at $\sqrt{s}=7$ TeV using the ATLAS
	detector}",
	collaboration  = "ATLAS",
	journal        = "Phys. Rev.",
	volume         = "D86",
	year           = "2012",
	pages          = "014022",
	doi            = "10.1103/PhysRevD.86.014022",
	eprint         = "1112.6297",
	archivePrefix  = "arXiv",
	primaryClass   = "hep-ex",
	reportNumber   = "CERN-PH-EP-2011-192",
	SLACcitation   = "%%CITATION = ARXIV:1112.6297;%%"
}

@article{Aad:2011tqa,
	author         = "ATLAS collaboration",
	title          = "{Measurement of multi-jet cross sections in proton-proton
	collisions at a 7 TeV center-of-mass energy}",
	collaboration  = "ATLAS",
	journal        = "Eur. Phys. J.",
	volume         = "C71",
	year           = "2011",
	pages          = "1763",
	doi            = "10.1140/epjc/s10052-011-1763-6",
	eprint         = "1107.2092",
	archivePrefix  = "arXiv",
	primaryClass   = "hep-ex",
	reportNumber   = "CERN-PH-EP-2011-098",
	SLACcitation   = "%%CITATION = ARXIV:1107.2092;%%"
}

@article{Aaboud:2017sjh,
	author         = "ATLAS collaboration",
	title          = "{Search for additional heavy neutral Higgs and gauge
	bosons in the ditau final state produced in 36 fb$^{-1}$
	of pp collisions at $ \sqrt{s}=13 $ TeV with the ATLAS
	detector}",
	collaboration  = "ATLAS",
	journal        = "JHEP",
	volume         = "01",
	year           = "2018",
	pages          = "055",
	doi            = "10.1007/JHEP01(2018)055",
	eprint         = "1709.07242",
	archivePrefix  = "arXiv",
	primaryClass   = "hep-ex",
	reportNumber   = "CERN-EP-2017-199",
	SLACcitation   = "%%CITATION = ARXIV:1709.07242;%%"
}

@article{Aaboud:2016cre,
	author         = "ATLAS collaboration",
	title          = "{Search for Minimal Supersymmetric Standard Model Higgs
	bosons $H/A$ and for a $Z^{\prime}$ boson in the $\tau \tau$ final state produced in $pp$ collisions at
	$\sqrt{s}=13$ TeV with the ATLAS Detector}",
	collaboration  = "ATLAS",
	journal        = "Eur. Phys. J.",
	volume         = "C76",
	year           = "2016",
	number         = "11",
	pages          = "585",
	doi            = "10.1140/epjc/s10052-016-4400-6",
	eprint         = "1608.00890",
	archivePrefix  = "arXiv",
	primaryClass   = "hep-ex",
	reportNumber   = "CERN-EP-2016-164",
	SLACcitation   = "%%CITATION = ARXIV:1608.00890;%%"
}

@article{Aad:2012cfr,
	author         = "ATLAS collaboration",
	title          = "{Search for the neutral Higgs bosons of the Minimal
	Supersymmetric Standard Model in $pp$ collisions at	$\sqrt{s}=7$ TeV with the ATLAS detector}",
	collaboration  = "ATLAS",
	journal        = "JHEP",
	volume         = "02",
	year           = "2013",
	pages          = "095",
	doi            = "10.1007/JHEP02(2013)095",
	eprint         = "1211.6956",
	archivePrefix  = "arXiv",
	primaryClass   = "hep-ex",
	reportNumber   = "CERN-PH-EP-2012-323",
	SLACcitation   = "%%CITATION = ARXIV:1211.6956;%%"
}

@article{zinonos,
	author         = "Zinonos Zinonas",
	title = {Complete list of publications.},
	howpublished = {\url{https://inspirehep.net/search?ln=en&p=find+a+zinonos+&of=hb&action_search=Search&sf=earliestdate&so=d}},
	note = "Records on InSpire HEP."
}


